<record><leader>00000cas a22000007a 4500</leader><controlfield tag="001">27393752</controlfield><controlfield tag="008">930208d18341834meuwr ne      0    0eng d</controlfield><datafield ind1=" " ind2=" " tag="010"><subfield code="a">sn 93053743 </subfield></datafield><datafield ind1=" " ind2=" " tag="040"><subfield code="a">CNW</subfield><subfield code="b">eng</subfield><subfield code="c">CNW</subfield><subfield code="d">MBN</subfield><subfield code="d">OCL</subfield><subfield code="d">OCLCQ</subfield><subfield code="d">OCLCF</subfield><subfield code="d">OCLCO</subfield></datafield><datafield ind1="1" ind2=" " tag="029"><subfield code="a">AU@</subfield><subfield code="b">000020132559</subfield></datafield><datafield ind1=" " ind2=" " tag="042"><subfield code="a">msc</subfield></datafield><datafield ind1=" " ind2=" " tag="043"><subfield code="a">n-us-me</subfield></datafield><datafield ind1="0" ind2="0" tag="245"><subfield code="a">St. Croix courier.</subfield></datafield><datafield ind1=" " ind2=" " tag="260"><subfield code="a">Calais, Me. :</subfield><subfield code="b">Hamlett Bates</subfield></datafield><datafield ind1=" " ind2=" " tag="300"><subfield code="a">v.</subfield></datafield><datafield ind1=" " ind2=" " tag="310"><subfield code="a">Weekly</subfield></datafield><datafield ind1="0" ind2=" " tag="362"><subfield code="a">Vol. 1, no. 1 (Jan. 28, 1834)-v. 1, no. 42 (Dec. 18, 1834).</subfield></datafield><datafield ind1=" " ind2=" " tag="580"><subfield code="a">Same publisher as: New=England chronicle (Thomaston, Me.).</subfield></datafield><datafield ind1=" " ind2="0" tag="651"><subfield code="a">Calais (Me.)</subfield><subfield code="v">Newspapers.</subfield></datafield><datafield ind1=" " ind2="7" tag="655"><subfield code="a">Newspapers.</subfield><subfield code="2">fast</subfield><subfield code="0">(OCoLC)fst01423814</subfield></datafield><datafield ind1=" " ind2="7" tag="651"><subfield code="a">Maine</subfield><subfield code="z">Calais.</subfield><subfield code="2">fast</subfield><subfield code="0">(OCoLC)fst01213040</subfield></datafield><datafield ind1=" " ind2=" " tag="752"><subfield code="a">United States</subfield><subfield code="b">Maine</subfield><subfield code="c">Washington</subfield><subfield code="d">Calais.</subfield></datafield><datafield ind1="1" ind2=" " tag="787"><subfield code="t">New=England chronicle (Thomaston, Me.)</subfield><subfield code="w">(DLC)sn 83016136</subfield><subfield code="w">(OCoLC)9469725</subfield></datafield></record>